@techreport{ATL-PHYS-PUB-2020-014,
      author = "{ATLAS Collaboration}",
      title         = "{Deep Sets based Neural Networks for Impact Parameter
                       Flavour Tagging in ATLAS}",
      institution = "CERN",
      number      = "ATL-PHYS-PUB-2020-014",
      year          = "2020",
      url           = "https://cds.cern.ch/record/2718948",
      }
 
@article{Aad:2019aic,
    author = "Aad, Georges and others",
    collaboration = "ATLAS Collaboration",
    title = "{ATLAS b-jet identification performance and efficiency measurement with $t{\bar{t}}$ events in pp collisions at $\sqrt{s}=13$ TeV}",
    eprint = "1907.05120",
    archivePrefix = "arXiv",
    reportNumber = "CERN-EP-2019-132",
    doi = "10.1140/epjc/s10052-019-7450-8",
    journal = "Eur. Phys. J. C",
    volume = "79",
    number = "11",
    pages = "970",
    year = "2019"
}

@techreport{Paganini:2289214,
      author        = "{ATLAS Collaboration}",
      title         = "{Machine Learning Algorithms for $b$-Jet Tagging at the ATLAS Experiment}",
      institution   = "CERN",
      number  = "ATL-PHYS-PROC-2017-211",
      year          = "2017",
      doi           = "10.1088/1742-6596/1085/4/042031",
}

@article{Tanabashi:2018oca,
    author = "Tanabashi, M. and others",
    collaboration = "Particle Data Group",
    title = "{Review of Particle Physics}",
    doi = "10.1103/PhysRevD.98.030001",
    journal = "Phys. Rev. D",
    volume = "98",
    number = "3",
    pages = "030001",
    year = "2018"
}

@article{Aaboud:2018fhh,
    author = "Aaboud, M. and others",
    collaboration = "ATLAS Collaboration",
    title = "{Search for the Decay of the Higgs Boson to Charm Quarks with the ATLAS Experiment}",
    eprint = "1802.04329",
    archivePrefix = "arXiv",
    reportNumber = "CERN-EP-2017-334",
    doi = "10.1103/PhysRevLett.120.211802",
    journal = "Phys. Rev. Lett.",
    volume = "120",
    number = "21",
    pages = "211802",
    year = "2018"
}

@techreport{Kostyukhin:685551,
      author        = "Kostyukhin, V",
      title         = "{VKalVrt - package for vertex reconstruction in ATLAS.}",
      institution   = "CERN",
      number  = "ATL-PHYS-2003-031",
      year          = "2003",
      url           = "https://cds.cern.ch/record/685551",
      }
      
@techreport{ATL-PHYS-PUB-2017-003,
      author        = "{ATLAS Collaboration}",
      title         = "{Identification of Jets Containing $b$-Hadrons with
                       Recurrent Neural Networks at the ATLAS Experiment}",
      institution   = "CERN",
      number  = "ATL-PHYS-PUB-2017-003",
      year          = "2017",
      url           = "https://cds.cern.ch/record/2255226",
}

@inproceedings{NIPS2017_f22e4747,
 author = {Zaheer, Manzil and Kottur, Satwik and Ravanbakhsh, Siamak and Poczos, Barnabas and Salakhutdinov, Russ R and Smola, Alexander J},
 booktitle = {Advances in Neural Information Processing Systems},
 publisher = {Curran Associates, Inc.},
 title = {Deep Sets},
 url = {https://proceedings.neurips.cc/paper/2017/file/f22e4747da1aa27e363d86d40ff442fe-Paper.pdf},
  year = {2017}
}

@article{Agostinelli:602040,
      author        = "{GEANT4 Collaboration}",
      title         = "{GEANT4--a simulation toolkikt. GEANT4. A Simulation
                       toolkit}",
      journal       = "Nucl. Instrum. Methods Phys. Res., A",
      number  = "CERN-IT-2002-003",
      volume        = "506",
      pages         = "250-303. 54 p",
      month         = "Jul",
      year          = "2002",
      url           = "https://cds.cern.ch/record/602040",
}


@techreport{tensorflow2015-whitepaper,
author="{TensorFlow Collaboration}",
title="{ {TensorFlow}: Large-Scale Machine Learning on Heterogeneous Systems}",
url="{https://www.tensorflow.org/}",
year={2015},
}

@techreport{ATL-PHYS-PUB-2022-027,
      collaboration = "ATLAS",
      title         = "{Graph Neural Network Jet Flavour Tagging with the ATLAS
                       Detector}",
      institution   = "CERN",
      reportNumber  = "ATL-PHYS-PUB-2022-027",
      address       = "Geneva",
      year          = "2022",
      url           = "https://cds.cern.ch/record/2811135",
      note          = "All figures including auxiliary figures are available at
                       https://atlas.web.cern.ch/Atlas/GROUPS/PHYSICS/PUBNOTES/ATL-PHYS-PUB-2022-027",
}

@article{ATLAS:2012yve, 
    author = "Aad, Georges and others",
    collaboration = "ATLAS",
    title = "{Observation of a new particle in the search for the Standard Model Higgs boson with the ATLAS detector at the LHC}",
    eprint = "1207.7214",
    archivePrefix = "arXiv",
    primaryClass = "hep-ex",
    reportNumber = "CERN-PH-EP-2012-218",
    doi = "10.1016/j.physletb.2012.08.020",
    journal = "Phys. Lett. B",
    volume = "716",
    pages = "1--29",
    year = "2012"
}

@article{CMS:2012qbp,
    author = "Chatrchyan, Serguei and others",
    collaboration = "CMS",
    title = "{Observation of a New Boson at a Mass of 125 GeV with the CMS Experiment at the LHC}",
    eprint = "1207.7235",
    archivePrefix = "arXiv",
    primaryClass = "hep-ex",
    reportNumber = "CMS-HIG-12-028, CERN-PH-EP-2012-220",
    doi = "10.1016/j.physletb.2012.08.021",
    journal = "Phys. Lett. B",
    volume = "716",
    pages = "30--61",
    year = "2012"
}


@article{Englert:1964et,
    author = "Englert, F. and Brout, R.",
    editor = "Taylor, J. C.",
    title = "{Broken Symmetry and the Mass of Gauge Vector Mesons}",
    doi = "10.1103/PhysRevLett.13.321",
    journal = "Phys. Rev. Lett.",
    volume = "13",
    pages = "321--323",
    year = "1964"
}

@article{PhysRevLett.13.508,
  title = {Broken Symmetries and the Masses of Gauge Bosons},
  author = {Higgs, Peter W.},
  journal = {Phys. Rev. Lett.},
  volume = {13},
  issue = {16},
  pages = {508--509},
  numpages = {0},
  year = {1964},
  month = {Oct},
  publisher = {American Physical Society},
  doi = {10.1103/PhysRevLett.13.508},
  url = {https://link.aps.org/doi/10.1103/PhysRevLett.13.508}
}

@article{ATLAS:2018kot,
    author = "Aaboud, Morad and others",
    collaboration = "ATLAS",
    title = "{Observation of $H \rightarrow b\bar{b}$ decays and $VH$ production with the ATLAS detector}",
    eprint = "1808.08238",
    archivePrefix = "arXiv",
    primaryClass = "hep-ex",
    reportNumber = "CERN-EP-2018-215",
    doi = "10.1016/j.physletb.2018.09.013",
    journal = "Phys. Lett. B",
    volume = "786",
    pages = "59--86",
    year = "2018"
}

@article{CMS:2018nsn,
    author = "Sirunyan, A. M. and others",
    collaboration = "CMS",
    title = "{Observation of Higgs boson decay to bottom quarks}",
    eprint = "1808.08242",
    archivePrefix = "arXiv",
    primaryClass = "hep-ex",
    reportNumber = "CMS-HIG-18-016, CERN-EP-2018-223",
    doi = "10.1103/PhysRevLett.121.121801",
    journal = "Phys. Rev. Lett.",
    volume = "121",
    number = "12",
    pages = "121801",
    year = "2018"
}

@article{ATLAS:2020fzp,
    author = "Aad, Georges and others",
    collaboration = "ATLAS",
    title = "{A search for the dimuon decay of the Standard Model Higgs boson with the ATLAS detector}",
    eprint = "2007.07830",
    archivePrefix = "arXiv",
    primaryClass = "hep-ex",
    reportNumber = "CERN-EP-2020-117",
    doi = "10.1016/j.physletb.2020.135980",
    journal = "Phys. Lett. B",
    volume = "812",
    pages = "135980",
    year = "2021"
}

@article{CMS:2020xwi,
    author = "Sirunyan, Albert M and others",
    collaboration = "CMS",
    title = "{Evidence for Higgs boson decay to a pair of muons}",
    eprint = "2009.04363",
    archivePrefix = "arXiv",
    primaryClass = "hep-ex",
    reportNumber = "CMS-HIG-19-006, CERN-EP-2020-164",
    doi = "10.1007/JHEP01(2021)148",
    journal = "JHEP",
    volume = "01",
    pages = "148",
    year = "2021"
}


@article{ATLAS:2018mme,
    author = "Aaboud, M. and others",
    collaboration = "ATLAS",
    title = "{Observation of Higgs boson production in association with a top quark pair at the LHC with the ATLAS detector}",
    eprint = "1806.00425",
    archivePrefix = "arXiv",
    primaryClass = "hep-ex",
    reportNumber = "CERN-EP-2018-138",
    doi = "10.1016/j.physletb.2018.07.035",
    journal = "Phys. Lett. B",
    volume = "784",
    pages = "173--191",
    year = "2018"
}

@article{CMS:2018uxb,
    author = "Sirunyan, Albert M and others",
    collaboration = "CMS",
    title = "{Observation of $\mathrm{t\overline{t}}$H production}",
    eprint = "1804.02610",
    archivePrefix = "arXiv",
    primaryClass = "hep-ex",
    reportNumber = "CMS-HIG-17-035, CERN-EP-2018-064",
    doi = "10.1103/PhysRevLett.120.231801",
    journal = "Phys. Rev. Lett.",
    volume = "120",
    number = "23",
    pages = "231801",
    year = "2018"
}

@techreport{Collaboration:2721696,
      author        = "ATLAS Collaboration",
      title         = "{Direct constraint on the Higgs-charm coupling using Higgs
                       boson decays to charm quarks with the ATLAS detector}",
      institution   = "CERN",
      reportNumber  = "ATL-COM-PHYS-2020-446",
      address       = "Geneva",
      year          = "2020",
      url           = "https://cds.cern.ch/record/2721696",
}

@techreport{arXiv:2205.05550,
      collaboration = "CMS",
      title         = "{Search for Higgs boson decay to a charm quark-antiquark
                       pair in proton-proton collisions at $\sqrt{s} = $ 13 TeV}",
      institution   = "CERN",
      archivePrefix = "arXiv",
      eprint        = "2205.05550",
      reportNumber  = "CMS-HIG-21-008, CERN-EP-2022-081, CMS-HIG-21-008-003",
      address       = "Geneva",
      year          = "2022",
      url           = "https://cds.cern.ch/record/2809290",
}

@article{ATLAS:2020jwz,
    author = "Aad, Georges and others",
    collaboration = "ATLAS",
    title = "{Measurement of the associated production of a Higgs boson decaying into $b$-quarks with a vector boson at high transverse momentum in $pp$ collisions at $\sqrt{s} = 13$ TeV with the ATLAS detector}",
    eprint = "2008.02508",
    archivePrefix = "arXiv",
    primaryClass = "hep-ex",
    reportNumber = "CERN-EP-2020-093",
    doi = "10.1016/j.physletb.2021.136204",
    journal = "Phys. Lett. B",
    volume = "816",
    pages = "136204",
    year = "2021"
}

@article{ATLAS:2021wqh,
    collaboration = "ATLAS",
    title = "{Combination of measurements of Higgs boson production in association with a $W$ or $Z$ boson in the $ b\bar{b}$ decay channel with the ATLAS experiment at $\sqrt{s}=13$ TeV}",
    reportNumber = "ATLAS-CONF-2021-051",
    year = "2021"
}

@article{Cacciari:2008gp,
    author = "Cacciari, Matteo and Salam, Gavin P. and Soyez, Gregory",
    title = "{The anti-$k_t$ jet clustering algorithm}",
    eprint = "0802.1189",
    archivePrefix = "arXiv",
    primaryClass = "hep-ph",
    reportNumber = "LPTHE-07-03",
    doi = "10.1088/1126-6708/2008/04/063",
    journal = "JHEP",
    volume = "04",
    pages = "063",
    year = "2008"
}

@thesis{Mironova:2837159,
      author        = "Mironova, Maria",
      title         = "{Search for Higgs Boson decays to charm quarks with the
                       ATLAS experiment and development of novel silicon pixel
                       detectors}",
      year          = "2022",
      url           = "https://cds.cern.ch/record/2837159",
      note          = "Presented 06 Jul 2022",
}

@techreport{ATL-PHYS-PUB-2018-025,
      collaboration = "ATLAS",
      title         = "{Topological $b$-hadron decay reconstruction and
                       identification of $b$-jets with the JetFitter package in
                       the ATLAS experiment at the LHC}",
      institution   = "CERN",
      reportNumber  = "ATL-PHYS-PUB-2018-025",
      address       = "Geneva",
      year          = "2018",
      url           = "https://cds.cern.ch/record/2645405",
}

@article{ATLAS:2017bcq,
    collaboration = "ATLAS",
    title = "{Optimisation and performance studies of the ATLAS $b$-tagging algorithms for the 2017-18 LHC run}",
    reportNumber = "ATL-PHYS-PUB-2017-013",
    month = "7",
    year = "2017"
}

@misc{Umami,
  title = {{Umami} Framework},
  howpublished = {\url{https://gitlab.cern.ch/atlas-flavor-tagging-tools/algorithms/umami}},
  note = {Accessed: 2023-04-21}
}


@techreport{Chisholm:2743096,
      author        = "Chisholm, Andrew and Arnold, Hannah and Schopf, Elisabeth
                       and Thompson, Paul and Windischhofer, Philipp Jonas and
                       Bortoletto, Daniela and Foti, Maria Giovanna and Falke,
                       Saskia and Dao, Valerio and Calvetti, Milene and
                       Francavilla, Paolo and Di Gregorio, Giulia and Jiggins,
                       Stephen and Ma, Yanhui and Scanlon, Timothy Paul and
                       Rettie, Sebastien and Moser, Brian and Du Pree, Tristan
                       Arnoldus and Grivaz, Jean-Francois and Di Bello, Francesco
                       Armando and Frattari, Guglielmo and Kado, Marumi and Luise,
                       Ilaria and Ke, Yan and Piacquadio, Giacinto and Han, Jingyi
                       and Ma, Lianliang and Callea, Giuseppe and Friend, Johnny
                       and Kato, Chikuma and Mehta, Andrew and Marchiori, Giovanni
                       and Bouquet, Romain and Vozdecky, Lubos and Atkin, Ryan
                       Justin and Klein, Matthew Henry and Wang, Weitao and
                       Mallik, Usha and Calvet, Thomas Philippe and Reikher, David
                       and Tee, Amy Selvi and Ippolito, Valerio and Robson, Aidan
                       and Etzion, Erez and He, Yajun and Camacho Toro, Reina
                       Coromoto and Huang, Yicong and Draguet, Maxence and Lee,
                       Ting Fung and Gilles, Geoffrey and Missio, Marion and Feng,
                       Zhuoran and Yacoob, Sahal and Chen, Ye and Wu, Yusheng and
                       Kakati, Nilotpal and Ahmadov, Faig and Tanasini, Martino
                       and Coccaro, Andrea and Wickremasinghe, Lakmin and Yang,
                       Yifan and Hirose, Minoru and Liu, Yanwen and Zenz, Seth and
                       Mc Laughlin, Donal Joseph and Wang, Tao and Wang, Yuhao and
                       Santi, Lorenzo and Mironova, Maria and Tanaka, Aoto and
                       Ene, Irina and Xiong, Junwen and Wagner, Johannes Michael
                       and Muskinja, Miha and Gray, Heather and Masubuchi, Tatsuya
                       and Bokan, Petar and Lu, Miaoran and D'Anniballe, Gabriele
                       and Tusoni, Matteo and Soybelman, Nathalie and Sharma,
                       Punit and Barrue, Ricardo and Kobylianskii, Dmitrii",
      title         = "{Measurements of Higgs boson decays to bottom and charm
                       quarks produced in associated with a W or Z boson using the
                       ATLAS experiment: "VH(bb/cc) Legacy Analysis"}",
      institution   = "CERN",
      reportNumber  = "ATL-COM-PHYS-2020-765",
      address       = "Geneva",
      year          = "2020",
      url           = "https://cds.cern.ch/record/2743096",
}

@article{Aaboud:2657964,
	collaboration = "ATLAS",
	title         = "{Electron reconstruction and identification in the ATLAS
                       experiment using the 2015 and 2016 LHC proton-proton
                       collision data at $\sqrt{s} = 13$ TeV}",
      archivePrefix = "arXiv",
      eprint        = "1902.04655",
      reportNumber  = "CERN-EP-2018-273",
      journal       = "Eur. Phys. J. C",
      volume        = "79",
      number        = "8",
      pages         = "639",
      year          = "2019",
      url           = "https://cds.cern.ch/record/2657964",
}

@techreport{ATL-PHYS-PUB-2019-033,
      collaboration = "ATLAS",
      title         = "{Identification of hadronic tau lepton decays using neural
                       networks in the ATLAS experiment}",
      institution   = "CERN",
      reportNumber  = "ATL-PHYS-PUB-2019-033",
      address       = "Geneva",
      year          = "2019",
      url           = "https://cds.cern.ch/record/2688062",
}

@article{Aad:2746302,
      collaboration = "ATLAS",
      title         = "{Muon reconstruction and identification efficiency in
                       ATLAS using the full Run 2 $pp$ collision data set at
                       $\sqrt{s}=13$ TeV}",
      archivePrefix = "arXiv",
      eprint        = "2012.00578",
      reportNumber  = "CERN-EP-2020-199",
      journal       = "Eur. Phys. J., C",
      volume        = "81",
      pages         = "578",
      year          = "2021",
      url           = "https://cds.cern.ch/record/2746302",
   }
   
@article{ATLAS:2020fcp,
    author = "Aad, Georges and others",
    collaboration = "ATLAS",
    title = "{Measurements of $WH$ and $ZH$ production in the $H \rightarrow b\bar{b}$ decay channel in $pp$ collisions at 13 TeV with the ATLAS detector}",
    eprint = "2007.02873",
    archivePrefix = "arXiv",
    primaryClass = "hep-ex",
    reportNumber = "CERN-EP-2020-087",
    doi = "10.1140/epjc/s10052-020-08677-2",
    journal = "Eur. Phys. J. C",
    volume = "81",
    number = "2",
    pages = "178",
    year = "2021"
}
